1904 3191
222 62 364 89 ADATOK
382 62 400 88 Α
415 52 728 87 ΜΑαϊΑκ-ΗοκνᾸΤ
745 52 1208 99 TENGERPART7DALMA021A
1223 55 1265 89 iis
1279 62 1417 89 isz'rmA
1432 51 1657 89 FLORAJAfloz
1703 46 1757 86 59

270 201 337 243 28.
371 201 616 249 Asphodelus
647 213 827 240 ramosus
860 202 904 243 L.
945 203 1206 251 (Asphodelus
1239 204 1504 251 microcarpus
1539 203 1679 241 Salzm.
1718 207 1758 241 et

128 261 232 310 viv.)
265 262 307 298 In
337 261 450 299 litore
483 260 532 298 ad
565 272 708 309 pagum
740 261 909 299 Barbato
942 262 1091 300 insulae
1123 262 1241 303 Arbe.

271 319 338 358 29.
373 319 636 368 Asphodeline
667 320 773 358 lutea
818 320 861 358 L.
912 321 1071 359 Rchb.
1119 321 1384 370 (Asphodelus
1430 321 1559 359 luteus
1605 321 1670 369 L.)
1716 321 1758 359 In

127 379 239 418 litore
273 379 322 417 ad
355 391 495 428 pagum
531 380 701 417 Barbato
735 380 884 417 insulae
917 381 1034 420 Arbe.

269 437 337 477 30.
371 438 527 476 Ruscus
548 439 748 476 aculeatus
780 439 824 476 L.
874 439 916 476 In
948 439 1044 478 locis
1061 439 1214 478 incultis
1248 440 1295 477 ad
1329 445 1481 488 portum
1514 440 1756 478 Cirkvenica.

134 520 186 525 —
220 499 260 535 ln
292 497 442 535 laureto
476 509 595 547 supra
628 500 781 546 portum
815 498 999 536 Abbazia.

273 556 342 595 31.
376 557 616 609 Asparayzcs
650 557 880 603 acutifolius
912 558 956 595 L.
992 559 1033 595 ln
1065 558 1231 596 dumetis
1265 558 1313 595 ad
1346 562 1497 607 portum
1550 559 1759 596 Fiume.—

129 617 170 654 In
203 616 303 654 valle
337 616 385 654 ἃᾶ
419 620 572 665 portum
606 616 850 654 Cirkvenica.
883 640 940 643 —
972 617 1013 654 In
1046 617 1194 655 laureto
1228 630 1345 666 supra
1384 622 1536 666 portum
1569 617 1756 656 Abbazia.

270 675 338 714 32.
371 676 605 724 Asparayus
630 676 853 714 maritimus
886 676 965 723 (L.)
989 677 1117 715 Mill.
1152 678 1394 726 (Asparagus
1423 676 1627 715 officinalis
1651 678 1695 714 L.
1718 691 1757 715 α.

130 737 347 774 maritimus
379 735 441 784 L.)
474 736 516 772 In
549 735 742 773 ruderatis
775 735 824 772 ad
858 739 1009 784 portum
1042 736 1283 774 Cirkvenica.

272 794 341 835 33.
375 794 533 835 Smilaae
565 807 707 843 aspera
739 795 784 832 L.
819 795 860 831 In
881 794 1046 833 dumetis
1069 795 1118 832 ad
1141 800 1275 844 portus
1300 796 1433 833 Fiume
1457 800 1495 833 et
1513 795 1756 833 Cirkveniea.

490 891 538 928 11·
551 892 563 928 i
578 890 602 928 d
617 903 640 928 a
652 903 672 928 o
688 903 709 929 e
724 903 746 928 a
762 903 795 931 e.

271 967 339 1006 34.
386 968 470 1006 Iris
513 968 672 1016 illyrica
715 968 748 1006 T
763 980 785 1006 o
800 980 837 1006 m
851 981 901 1006 m.
949 969 991 1005 In
1035 970 1156 1017 pratis
1202 969 1251 1006 ad
1296 970 1381 1006 viae
1414 971 1628 1014 marginem
1660 970 1761 1007 inter

128 1030 263 1075 portus
294 1027 433 1068 Fiume
466 1031 503 1065 et
535 1028 721 1066 Abbazia.

487 1123 886 1165 Orchidaeeae.

272 1199 340 1238 35.
378 1200 518 1239 Orclcis
542 1201 656 1250 picta
687 1202 718 1238 L
735 1202 783 1239 oi
798 1213 830 1239 s.
855 1202 896 1238 In
920 1202 1043 1250 pratis
1067 1201 1115 1238 ad
1133 1202 1259 1239 lacum
1281 1201 1419 1239 Jezero
1440 1201 1590 1239 insulae
1607 1200 1757 1249 Veglia.

486 1297 514 1335 C
529 1297 553 1338 l.
588 1297 929 1345 DicotyZedoneae.

273 1380 400 1418 Subcl.
437 1380 821 1428 Arclzichlamydeae.

415 1464 759 1502 Salicaeeae.

275 1533 343 1572 36.
380 1534 496 1573 Saliae
520 1548 728 1584 purpurea
760 1536 805 1573 L.
841 1537 884 1573 In
919 1536 1016 1573 valle
1048 1535 1097 1573 ad
1131 1539 1284 1584 portum
1318 1535 1559 1574 Cirkvenica.

414 1632 444 1668 B
460 1643 481 1669 e
495 1639 510 1670 t
525 1631 574 1670 ul
589 1643 611 1669 a
626 1644 646 1670 c
662 1645 682 1670 e
697 1644 720 1669 a
734 1644 768 1670 e.

275 1700 343 1739 37.
381 1702 525 1750 Ostrya
557 1702 815 1752 carpinifolia
849 1703 872 1741 S
889 1716 909 1740 c
925 1714 946 1741 o
962 1715 1000 1751 p.
1035 1703 1162 1751 Prope
1195 1705 1348 1751 portum
1382 1702 1623 1740 Cirkvenica.

415 1798 713 1846 Fagaceae.

277 1867 345 1906 38.
384 1868 557 1918 Quercus
580 1869 814 1918 lanuyivzosa
847 1870 992 1921 (Lam.)
1019 1871 1052 1908 T
1067 1870 1092 1907 h
1111 1869 1164 1910 ui
1181 1869 1232 1907 ll.
1269 1869 1459 1917 (Quercus
1491 1869 1610 1907 robur
1633 1867 1666 1906 δ.
1690 1868 1762 1915 Qu.

135 1927 254 1965 robur
284 1928 516 1978 lanuginosa
536 1925 664 1983 Lam.)
698 1930 740 1967 In
764 1930 884 1978 sylvis
917 1930 966 1967 ad
998 1931 1084 1967 viae
1113 1930 1327 1978 marginem
1348 1930 1449 1966 inter
1471 1928 1764 1977 portus-Fiume

133 1990 170 2024 et
201 1987 388 2025 Abbazia.

148 2048 151 2053 '
417 2072 770 2110 Urticaeeae.

272 2141 340 2180 39.
374 2142 610 2181 Pa'rietaria
624 2143 795 2190 judaica
817 2144 860 2183 L.
885 2144 946 2192 (P.
980 2143 1188 2190 ramiflora
1219 2143 1400 2190 Mnch.)
1431 2144 1471 2180 In
1495 2141 1686 2190 lapidosis
1711 2141 1759 2179 ad

133 2204 284 2250 portum
314 2203 624 2241 Castelmusohio
655 2204 806 2241 insulae
838 2203 988 2252 Veglia.
1023 2225 1080 2230 —-
1113 2204 1155 2240 In
1186 2202 1300 2240 litore
1333 2202 1382 2239 ad
1415 2214 1558 2251 pagum
1590 2201 1761 2239 Barbato

132 2264 171 2298 et
201 2262 241 2298 in
262 2261 451 2310 lapidosis
485 2262 534 2300 ad
567 2266 720 2311 portum
743 2262 847 2300 Arbe
880 2262 969 2311 (leg.
993 2263 1062 2303 Dr.
1087 2252 1120 2299 Ᾰ
1145 2261 1193 2299 de
1214 2263 1363 2309 Degen,
1398 2262 1436 2298 in
1468 2261 1576 2298 herb.
1611 2261 1760 2309 Degen)

132 2320 282 2358 insulae
314 2322 431 2360 Arbe.

416 2405 865 2443 Loranthaceae.

275 2474 343 2513 40.
377 2476 681 2514 Arceuthobium
717 2475 910 2523 O.cycedri
943 2475 1057 2523 (DC.)
1090 2476 1140 2512 M.
1166 2475 1210 2512 B.
1248 2475 1419 2521 (Viscum
1441 2472 1635 2523 Oxyeedri
1664 2470 1763 2520 DC.)

133 2534 389 2572 Parasitioum
422 2536 460 2572 in
491 2535 678 2584 Junipero
713 2534 917 2584 Oxycedro
951 2535 1000 2572 ad
1032 2537 1186 2583 portum
1219 2534 1461 2572 Girkvenica.

417 2629 931 2679 Chenopodiaceae.

275 2706 344 2744 41.
380 2705 537 2744 Salsola
574 2707 728 2755 Trayus
759 2708 804 2745 L.
839 2708 882 2756 Ip
903 2706 1094 2755 lapidosis
1116 2706 1165 2743 ad
1188 2709 1341 2755 portum
1367 2705 1467 2743 Arbe
1490 2703 1639 2742 insulae
1661 2703 1764 2741 Arbe

133 2765 222 2814 (leg.
258 2767 326 2803 Dr.
360 2756 407 2803 Ᾰ.
442 2765 490 2803 de
523 2766 672 2813 Degen,
708 2767 746 2803 in
777 2766 885 2804 herb.
921 2767 1085 2815 Degen).

420 2860 959 2910 Caryophyllaceae.

276 2936 345 2975 42.
401 2937 528 2975 Silene
576 2948 720 2974 venosa
772 2936 969 2986 (Gilib.)
1016 2937 1269 2975 Aschers.
1315 2934 1546 2985 [Cueubalus
1598 2944 1765 2970 venosus

134 2993 247 3033 Gilib.
298 2996 471 3045 (1781),
522 2995 742 3034 Cueubalus
794 2996 928 3034 Behen
976 2997 1020 3034 L.
1061 2994 1233 3044 (1753),
1273 3007 1349 3033 non
1398 2994 1524 3032 Silene
1559 2991 1688 3030 Behen
1720 2991 1764 3028 L.
