1904 3191
144 74 197 109 5⁴²<
522 77 718 108 Ks‘mnzmffi:
751 81 779 107 J.
816 73 904 105 sin».
937 72 978 104 ἐξ
1012 68 1181 104 Nimim·
1218 77 1250 103 F.
1286 76 1403 102 GFULA

499 223 525 259 (J
542 221 565 262 Ι,
600 218 1002 265 Monocotyledoneae.

432 304 772 342 (ii-amineae.

288 378 323 415 7.
358 374 685 417 Antlmoeanthum
719 373 923 412 odoratum
957 372 1001 409 L.
1037 373 1077 408 In
1102 371 1222 421 sylvis
1247 370 1295 408 ad
1318 371 1443 408 lacum
1465 370 1604 407 Jezero
1629 369 1783 407 insulae

143 438 324 534 veghass.
359 495 520 533 Phleum
567 493 789 531 snbnlateem
836 491 995 529 Huds.
1050 492 1090 527 In
1136 489 1324 538 lapidOSiS
1371 489 1419 527 ad
1466 491 1618 538 portum
1673 488 1778 526 Arba

144 556 292 594 insulae
324 554 428 592 Arbe
463 553 550 601 (leg.
583 554 652 593 Dr.
687 543 719 589 Ᾰ
754 552 802 589 de
836 552 984 599 Degen,
1021 552 1057 587 in
1090 549 1198 590 herb.
1233 550 1396 597 Degen).

288 616 325 652 9.
361 615 604 661 Alopecurecs
638 611 806 659 ayrestis
839 611 883 650 L.
926 610 966 647 In
1000 609 1190 658 lapidosis
1224 608 1273 646 ad
1307 613 1459 657 portum
1492 608 1596 646 Arbe
1629 607 1785 645 insulae

142 676 246 712 Arbe
280 674 368 722 (leg.
404 674 469 713 Dr.
504 664 536 710 Ᾰ
570 672 618 709 de
652 672 801 719 Dogen,
837 673 874 707 in
908 669 1015 707 herb.
1052 670 1216 716 Degen).

292 733 354 771 10.
390 734 526 770 Avensa
560 731 728 769 barbata
760 731 903 768 Brot.
940 731 980 766 In
1013 729 1109 766 locis
1131 728 1363 777 graminosis
1387 727 1540 775 asperis
1563 726 1612 763 ad
1636 738 1779 775 pagum

145 795 313 831 Barbato
346 792 496 830 insulae
531 792 646 828 Arbo.

292 852 355 890 11.
391 852 476 889 Poa
510 863 642 888 annua
675 850 718 886 L.
754 860 834 886 var.
863 848 976 896 picta
1010 847 1053 885 G.
1089 847 1243 883 Beck.
1280 846 1340 883 Ad
1362 846 1446 883 vias
1469 849 1605 894 portus
1630 844 1780 882 Fiume‚

150 936 198 940 -
238 913 278 950 ln
310 913 434 960 pratis
467 910 515 948 ad
548 911 674 947 lacum
706 909 845 946 Jezero
878 907 1029 944 insulae
1062 906 1210 955 Veglia.

294 971 358 1008 12.
393 971 567 1010 Bromius
600 968 750 1006 sterilis
784 968 828 1007 L.
866 966 924 1004 Ad
960 978 1090 1004 muros
1123 969 1260 1014 portus
1294 964 1605 1003 Castelmusehio
1628 963 1783 1001 insulae

145 1032 294 1081 Veglia.

294 1088 357 1130 13.
392 1089 597 1127 Hordeum
630 1087 847 1135 leporinum
892 1085 976 1123 Lk.
1023 1085 1083 1122 Ad
1131 1085 1216 1121 viae
1262 1084 1458 1132 margines
1503 1084 1602 1120 inter
1646 1086 1788 1131 portus

147 1151 286 1188 Fiume
319 1155 356 1187 et
390 1149 574 1188 Abbazia.

431 1246 799 1294 Cyperaeeae.

298 1316 361 1356 14.
397 1316 527 1354 Carene
560 1315 713 1353 distans
747 1315 790 1351 L.
826 1315 867 1350 ln
901 1313 1022 1362 pratis
1056 1311 1105 1349 ad
1138 1311 1264 1349 lacum
1296 1311 1434 1348 Jezero
1457 1309 1606 1347 insulae
1627 1310 1784 1359 Veglia.

296 1376 359 1414 15.
399 1375 529 1415 Careoe
560 1374 700 1412 stricta
735 1373 894 1412 Good.
929 1373 970 1409 In
1004 1372 1125 1420 pratis
1159 1370 1360 1420 paludosis
1393 1370 1442 1407 ad
1474 1369 1599 1407 laeum
1637 1369 1783 1407 Jezero

146 1436 300 1474 insulae
332 1435 483 1485 Veglia.

295 1495 358 1534 16.
397 1494 526 1533 carex
559 1493 833 1541 caryophyllea
866 1492 1040 1529 Latou
1057 1503 1088 1528 r.
1131 1491 1175 1530 B.
1210 1490 1256 1526 ΙΙ.
1291 1489 1419 1526 mollis
1465 1489 1507 1528 A.
1541 1492 1579 1526 et
1612 1487 1688 1525 Gr.
1725 1486 1789 1525 Ad

148 1556 233 1593 viae
269 1555 478 1604 marginem
512 1555 612 1591 inter
643 1556 779 1602 portus
813 1552 947 1589 Fiume
981 1554 1018 1588 et
1051 1550 1236 1587 Abbazia.

294 1614 358 1654 17.
397 1614 527 1652 Careoe
558 1612 798 1650 Hallericma
831 1612 978 1649 Asso.
1013 1610 1055 1647 In
1088 1610 1184 1647 locis
1217 1608 1366 1656 asperis
1407 1607 1455 1645 ad
1489 1612 1640 1656 portum
1675 1606 1784 1644 Cirk-

148 1675 283 1712 venioa
317 1696 372 1700 —
405 1673 465 1710 Ad
497 1674 583 1710 viae
615 1672 830 1720 marginem
862 1672 962 1707 inter
994 1672 1130 1718 portus
1163 1668 1297 1705 Fiume
1330 1672 1368 1704 ot
1401 1667 1586 1705 Abbazia.

297 1733 360 1771 18.
399 1732 532 1772 Careae
566 1734 778 1769 iomentosa
801 1731 846 1768 L.
873 1731 913 1766 In
937 1730 1058 1778 pratis
1081 1727 1130 1765 ad
1154 1728 1280 1765 lacum
1297 1727 1436 1764 Jezero
1459 1726 1609 1764 insulae
1632 1725 1786 1774 Veglia.

296 1792 359 1831 19.
399 1791 530 1831 Cares&
560 1791 702 1840 glauca
725 1791 861 1828 Murr.
893 1789 953 1827 Ad
975 1790 1061 1826 viae
1084 1788 1296 1836 marginem
1319 1788 1419 1823 inter
1436 1790 1571 1835 portus
1594 1785 1729 1822 Fiume
1749 1789 1788 1822 et

148 1853 340 1890 Abbazia.

292 1910 359 1949 20.
398 1910 529 1949 carex
560 1910 701 1958 ylauca
733 1910 769 1946 M
788 1920 886 1946 urr.
922 1909 965 1945 B.
1001 1906 1209 1954 euspidata
1242 1906 1288 1946 A.
1322 1908 1359 1942 et
1393 1904 1472 1944 Gr.
1508 1905 1549 1941 In
1582 1905 1704 1953 partis
1737 1903 1788 1941 ad

151 1975 301 2019 portum
338 1970 580 2008 Cirkveniea.
615 1992 671 1996 —
706 1970 746 2006 In
780 1969 903 2017 pratis
937 1967 985 2004 ad
1017 1967 1144 2004 lacum
1176 1966 1315 2003 Jezero
1348 1965 1498 2002 insulae
1531 1964 1681 2012 Veglia.

293 2030 359 2068 21.
397 2029 528 2068 carex
548 2029 689 2077 ylauca
722 2029 873 2065 Murr.
908 2039 988 2064 var.
1014 2024 1331 2073 erytltrostachys
1365 2023 1551 2061 Sohur.
1602 2024 1643 2060 In
1687 2022 1791 2060 valle

151 2090 321 2127 Drvenik
356 2089 495 2127 Kokan
529 2088 577 2126 ad
610 2091 764 2137 portum
798 2087 1040 2127 Cirkvenica.

295 2148 361 2187 22.
400 2148 530 2187 Cavea·
563 2148 733 2195 dissitam
766 2147 811 2187 L.
847 2147 888 2183 In
920 2145 1070 2184 laureto
1104 2155 1223 2192 supra
1254 2146 1408 2192 portum
1442 2142 1628 2179 Abbazia.

432 2245 762 2282 Junmxeeae.

294 2315 361 2353 23.
386 2315 539 2354 Luzula,
562 2314 793 2363 campestris
815 2314 888 2362 (L.)
923 2314 953 2350 L
970 2325 1056 2350 am.
1092 2316 1130 2349 ot
1162 2312 1243 2351 DC.
1275 2311 1435 2358 (Juncus
1453 2308 1686 2357 campestris
1708 2308 1781 2355 L.).

152 2377 193 2413 In
225 2377 383 2424 pascuis
417 2374 465 2412 ad
499 2378 650 2424 portum
680 2374 922 2411 Cirkvenioa.

295 2434 362 2473 24.
398 2435 550 2472 Luzula
571 2434 755 2471 Forsteri
776 2434 818 2479 (S
834 2435 902 2481 m.)
936 2432 1015 2470 DC.
1051 2432 1213 2477 (Junous
1248 2429 1420 2467 Forsteri
1454 2428 1551 2473 Sm.)
1575 2427 1614 2464 In
1638 2427 1791 2464 laureto

152 2507 270 2543 supra
309 2498 460 2543 portum
497 2494 683 2531 Abhazia.
718 2515 774 2520 —-
808 2493 849 2529 In
883 2491 1002 2542 sylvis
1036 2490 1082 2528 ad
1117 2490 1242 2527 lacum
1275 2489 1413 2526 Jezero
1446 2488 1596 2524 insulae
1635 2485 1788 2534 Veglia.

443 2590 500 2627 Li
517 2588 593 2626 lia
607 2601 626 2625 c
642 2600 662 2625 o
679 2600 701 2625 a
716 2601 748 2625 o.

296 2660 363 2698 25.
398 2660 580 2698 Muscarz‘
612 2671 804 2698 comosum
828 2659 903 2712 (L.)
936 2659 973 2695 M
991 2657 1064 2695 ill.
1099 2656 1120 2708 β
1141 2656 1435 2705 neplzrocarpon
1469 2656 1498 2692 P
1515 2667 1536 2692 o
1552 2667 1570 2692 s
1586 2666 1609 2703 p
1625 2654 1636 2690 i
1651 2665 1671 2691 c
1687 2652 1708 2690 h
1725 2664 1748 2689 a
1762 2653 1790 2689 l.

153 2723 193 2759 ln
226 2723 337 2759 litore
371 2720 419 2757 ad
452 2732 593 2769 pagum
627 2719 796 2757 Barbato
829 2718 980 2756 insulae
1012 2718 1131 2757 Arbe.

295 2779 363 2819 26.
397 2779 580 2817 Muscam·
617 2778 783 2816 Kerneri
812 2779 847 2815 M
865 2777 1076 2817 arches.
1103 2777 1143 2813 ln
1170 2775 1291 2824 pratis
1315 2774 1426 2811 vallis
1450 2773 1622 2811 Drvenik
1647 2771 1789 2809 Kokan

153 2839 201 2877 ad
233 2841 364 2877 ruinas
397 2840 499 2876 arcis
532 2850 653 2887 prope
686 2842 840 2886 portum
873 2837 1115 2875 Cirkvenioa.
1162 2857 1219 2861 —
1253 2834 1294 2870 In
1328 2835 1450 2882 pratis
1495 2843 1616 2881 prope
1662 2831 1789 2868 lacum

151 2900 289 2937 Jezero
322 2897 473 2936 insulae
505 2897 655 2946 Veglia.

296 2956 362 2998 27.
399 2957 698 3006 Ornithoyalmn
743 2956 960 3003 refractum
1006 2955 1108 2992 Kit.
1156 2954 1198 2991 In
1242 2954 1365 3001 pratIS
1405 2950 1454 2988 ad
1486 2950 1613 2988 lacum
1646 2949 1790 2987 Jezero

152 3017 300 3055 insulae
333 3016 486 3066 veglia.
