1904 3191
145 73 197 109 (52).
524 80 720 112 nvmissfflne
753 87 781 113 i.
816 78 905 111 siam
938 79 979 111 its
1012 75 1181 111 wlsini*
1218 87 1249 112 κ.
1285 87 1403 113 crum

147 232 185 267 in
219 228 445 273 Februario,
482 239 555 264 non
596 225 749 276 1835),
786 226 946 264 Genista
979 229 1163 275 argentea
1208 225 1351 264 Noulet
1397 226 1458 266 Fl.
1505 227 1616 265 Bass.
1664 227 1775 266 Sous.

145 290 231 338 Pyr.
273 286 366 327 146.
393 286 570 336 (1832),
589 285 888 334 Argyrolobium
908 291 1133 333 argenteum
1157 285 1287 323 Willk.
1308 285 1443 323 Prodr.
1479 286 1536 324 Fl.
1572 287 1684 336 Hisp.
1710 287 1773 325 111.

143 347 242 385 464.
277 346 453 393 (1880),
488 357 563 382 non
596 345 705 382 Eckl.
741 348 779 382 et
812 344 917 394 Zeyk
939 345 1077 385 Enum.
1099 344 1222 385 Plant.
1259 344 1416 382 Africae
1448 347 1580 383 Austr.
1605 347 1650 384 11.
1681 345 1775 388 184.

145 405 316 453 (1836),
352 404 666 454 Teprothamnus
712 410 919 453 argenteus
969 403 1014 442 O.
1049 404 1097 441 K.
1145 404 1237 441 Rev.
1286 404 1380 445 Gen.
1424 404 1549 443 Plant.
1587 417 1677 454 pars
1711 406 1774 443 111.

148 467 181 503 1.
218 465 285 503 72.
321 463 493 512 (1893),
529 463 829 513 Argyrolobium
863 467 1089 512 argenteum
1123 464 1200 511 (L.)
1233 463 1364 501 Willk.
1399 465 1437 501 in
1461 464 1614 502 Fritsch
1630 465 1776 504 Excur-

144 525 346 563 sionsflora
391 524 417 561 f.
454 524 561 561 Oest.
611 522 708 561 314.
744 520 909 576 (1897.)
942 524 983 560 In
1016 523 1112 560 locis
1145 523 1295 560 saxosis
1341 523 1389 560 ad
1434 525 1520 561 viae
1565 526 1778 573 marginem

143 586 243 622 inter
276 587 410 632 portus
444 583 577 620 Fiume
612 587 649 620 et
681 582 868 620 Abbazia.

288 643 355 681 74.
391 642 595 690 &partium
619 643 806 689 junceum
828 643 872 679 L.
894 643 933 678 In
952 642 1064 680 litore
1080 641 1129 678 ad
1147 653 1289 691 pagum
1307 642 1477 680 Barbato
1492 642 1641 680 insulae
1659 644 1776 682 Arbe.

288 702 356 740 75.
395 702 556 748 Cytisus
587 701 808 750 spinescens
842 701 1051 739 Sieber.
1086 702 1126 737 In
1159 702 1311 739 saxosis
1351 703 1494 750 apricis
1540 703 1642 740 arcis
1685 703 1776 741 Jab·

144 763 267 800 lanae.
303 763 392 809 (No.
417 760 484 800 78.
509 761 585 809 leg.
610 762 676 798 Dr.
699 761 735 798 J.
772 761 814 798 B.
838 760 1078 804 Kiimmerle,
1103 761 1140 797 in
1173 760 1283 798 herb.
1317 761 1415 802 Mus,
1440 762 1528 799 Nat.
1554 761 1700 811 Hung.)
1722 785 1779 789 —

145 823 186 859 ln
220 822 371 860 saxosis
404 822 547 869 apricis
568 822 709 858 montis
723 820 808 858 Veli
823 820 893 858 vrh
912 820 1102 858 adversus
1117 824 1270 868 portum
1287 820 1476 858 Jablanac
1490 820 1641 859 insulae
1659 822 1776 860 Arbe.

287 881 435 918 Planta
468 893 486 918 e
518 880 672 918 litorali
703 879 1110 928 hunyarico-croalico
1143 879 1339 928 hucusque
1371 880 1665 918 inlitteratum
1699 893 1772 920 non

147 941 315 990 eoynila.

288 999 357 1038 76.
395 998 552 1046 Cytisus
576 999 753 1036 hirsutas
785 1000 829 1036 L.
865 999 906 1036 In
939 998 1058 1048 sylvis
1092 998 1141 1036 ad
1173 999 1259 1036 viae
1281 1000 1496 1047 marginem
1519 1001 1620 1037 inter
1640 1003 1775 1048 portus

148 1060 280 1097 Fiume
316 1063 353 1097 et
385 1059 572 1096 Abbazia.

288 1118 355 1156 77.
395 1118 604 1164 Trifolium
634 1118 815 1155 scabrum
849 1119 892 1155 L.
927 1119 969 1155 ln
999 1117 1188 1166 lapidosis
1221 1117 1269 1155 ad
1303 1121 1456 1166 portum
1488 1116 1593 1156 Arbe
1625 1119 1776 1157 insulae

153 1178 256 1216 Arbe
289 1178 381 1226 (leg.
419 1179 488 1218 Dr.
522 1168 566 1217 Ᾰ.
600 1177 648 1214 de
681 1178 831 1226 Degen,
866 1178 904 1215 in
937 1177 1046 1215 herb.
1081 1178 1245 1226 Degen).

290 1236 358 1275 78.
397 1236 609 1284 Trifolium
649 1237 870 1285 nigrescens
910 1237 1020 1274 Viv.
1068 1238 1108 1274 ln
1153 1236 1341 1285 lapidosis
1387 1236 1435 1274 ad
1480 1243 1634 1286 portum
1677 1238 1783 1276 Arbe

145 1297 298 1335 insulae
331 1297 435 1334 Arbe
468 1296 556 1344 (leg.
592 1297 661 1337 Dr.
696 1287 741 1337 Ᾰ,
776 1297 825 1334 de
857 1298 1008 1346 Degen,
1042 1297 1081 1333 in
1112 1296 1221 1334 herb.
1256 1297 1420 1345 Degen).

293 1356 360 1394 79.
399 1356 610 1403 Trifolium
643 1356 942 1394 subterraneum
965 1357 1009 1393 L.
1037 1357 1077 1393 In
1098 1355 1195 1393 locis
1216 1357 1449 1404 graminosis
1472 1355 1586 1395 vallis
1609 1356 1784 1394 Drvenik

147 1416 288 1454 Kokan
322 1415 371 1453 ad
404 1417 536 1453 ruinas
569 1417 672 1453 arcis
712 1415 847 1453 Bodan
882 1428 1004 1464 prope
1038 1419 1190 1464 portum
1225 1415 1458 1453 Cirkvenica
1504 1415 1595 1464 (leg.
1630 1416 1699 1453 Dr.
1745 1417 1781 1454 J.

152 1476 194 1513 B.
230 1475 468 1520 Kiimmerle‚
505 1476 543 1512 in
577 1475 684 1513 herb.
720 1475 817 1513 Mus.
851 1476 941 1513 Nat.
977 1476 1135 1523 Hung.)

295 1534 362 1572 80.
398 1534 604 1583 Medieayo
636 1534 814 1582 riyidula
837 1535 910 1583 (L.)
944 1535 1096 1573 Desr.
1132 1535 1173 1571 In
1197 1533 1386 1582 lapidosis
1423 1534 1471 1571 ad
1508 1538 1662 1583 portum
1679 1535 1784 1573 Arbe

156 1595 305 1632 insulae
338 1595 442 1632 Arbe
476 1594 565 1642 (leg.
601 1594 669 1634 Dr.
704 1585 750 1634 Ᾰ.
785 1594 833 1631 de
866 1595 1016 1644 Degen,
1050 1595 1088 1631 in
1121 1594 1229 1632 herb.
1264 1594 1430 1642 Degen).

294 1653 362 1694 81.
400 1654 522 1692 Lotus
554 1654 820 1691 corniculatus
843 1655 887 1691 L.
912 1656 955 1703 ρ’.
980 1653 1140 1691 ι’ἱῑὶαίαε
1176 1653 1295 1691 Koch.
1336 1654 1376 1690 In
1395 1654 1552 1701 pascuis
1571 1653 1619 1690 ad
1642 1665 1784 1702 pagum

154 1713 321 1751 Barbato
354 1713 503 1751 insulae
535 1713 652 1750 Arbe.

295 1772 363 1810 82.
398 1773 524 1811 Lotus
570 1772 834 1810 corniculatus
867 1774 911 1810 L.
948 1789 980 1825 γ.
1026 1772 1204 1810 hirsutas
1238 1772 1400 1810 Koch.
1449 1773 1490 1809 In
1535 1773 1692 1821 pascuis
1737 1772 1786 1810 ad

155 1844 296 1881 pagum
330 1832 501 1870 Bai-bato
535 1832 683 1870 insulae
715 1831 833 1869 Arbe.

297 1891 365 1929 83.
405 1891 606 1930 Coronilla
638 1891 879 1940 scorpioides
901 1891 981 1942 (L.)
1018 1891 1137 1929 Koch.
1172 1889 1430 1939 (Ornithopus
1461 1891 1703 1940 scorpioides
1726 1892 1786 1940 L.)

159 1952 197 1988 ln
233 1953 384 1990 saxosis
418 1952 561 2000 apricis
595 1951 643 1988 ad
678 1963 820 2000 pagum
853 1952 1023 1989 Barbato
1056 1950 1206 1989 insulae
1240 1951 1356 1988 Arbe.
1735 1944 1738 1948 ’

296 2010 364 2048 84.
403 2010 604 2049 Ooronilla
635 2011 806 2048 Emerus
837 2011 882 2048 L.
919 2010 955 2062 β.
982 2010 1193 2048 emeroides
1225 2010 1255 2047 B
1275 2011 1406 2047 oiss.
1442 2014 1479 2048 et
1512 2010 1622 2058 Spr.
1647 2010 1688 2047 In
1713 2010 1787 2060 syl-

155 2071 213 2108 vis
246 2070 295 2107 ad
329 2071 414 2108 viae
447 2071 661 2117 marginem
695 2071 795 2107 inter
827 2074 963 2119 portus
996 2070 1131 2107 Fiume
1164 2074 1202 2107 et
1236 2070 1421 2107 Abbazia.
1455 2092 1512 2096 -—
1546 2070 1587 2106 In
1620 2069 1786 2108 dumetis

152 2130 201 2166 ad
234 2134 386 2178 portum
410 2130 652 2168 Cirkvenica.
677 2153 734 2158 —-—
759 2129 818 2167 Ad
840 2142 955 2179 sepes
979 2133 1113 2178 portus
1137 2128 1445 2167 Castelmuschio
1468 2128 1616 2167 insulae
1637 2128 1788 2178 Veglia.

295 2188 363 2226 85.
398 2189 665 2238 Hippocrepis
697 2201 852 2227 comosa
884 2190 928 2227 L.
964 2190 1006 2226 In
1040 2190 1190 2227 saxosis
1239 2187 1412 2226 herbidis
1460 2188 1510 2225 ad
1554 2189 1640 2226 viae
1685 2200 1786 2226 mar-

151 2250 279 2296 ginem
311 2250 412 2286 inter
443 2252 579 2297 portus
611 2249 746 2286 Fiume
780 2253 818 2286 et
850 2249 1036 2287 Abbazia.

298 2308 366 2346 86.
409 2308 520 2346 Vicia
552 2307 722 2356 hybrida
754 2309 798 2350 L.
834 2309 876 2345 In
908 2308 1081 2346 herbidis
1107 2307 1155 2345 ad
1179 2311 1331 2356 portum
1353 2306 1660 2345 Castelmuschio
1682 2307 1787 2345 insu-

151 2368 211 2404 lae
244 2367 394 2416 Vegha.

295 2427 363 2465 87.
402 2427 604 2474 Lathyrus
635 2427 831 2475 setifolius
864 2428 907 2465 L.
944 2428 986 2464 In
1019 2426 1213 2465 ruderatis
1247 2426 1296 2463 ad
1340 2431 1494 2474 portum
1540 2425 1784 2464 Uirkvenica.

154 2509 206 2513 —-
242 2488 282 2524 In
317 2488 468 2525 saxosis
501 2488 645 2536 apricis
679 2487 728 2524 ad
761 2491 914 2536 portum
946 2487 1148 2525 Jablanac.

295 2545 364 2584 88.
415 2545 567 2584 Orobus
612 2547 826 2584 versicolor
870 2545 1031 2584 Gmel.
1080 2546 1182 2595 Syst.
1217 2546 1313 2594 Veg,
1354 2545 1399 2582 11.
1450 2543 1574 2582 1108.
1622 2542 1787 2591 (1791.)

152 2604 320 2651 (Orobus
353 2605 464 2643 albus
495 2606 537 2644 L.
571 2605 621 2643 fil.
653 2605 688 2656 β,
713 2606 928 2644 versicolor
960 2605 1054 2643 Led.
1102 2605 1159 2642 Fi.
1193 2605 1307 2642 Ross.
1354 2605 1381 2642 l.
1418 2603 1516 2645 692.
1551 2603 1711 2652 (1842.)
1745 2604 1786 2640 ln

154 2666 275 2713 pratis
309 2664 357 2702 ad
392 2666 476 2702 viae
509 2666 723 2713 marginem
756 2667 856 2702 inter
888 2668 1023 2714 portus
1056 2664 1191 2702 Fiume
1223 2670 1260 2701 et
1293 2664 1480 2702 Abbazia.

437 2758 839 2798 Geraniaceae.

294 2842 362 2882 89.
412 2843 627 2887 Geraniam
674 2844 933 2882 columbinum
986 2844 1030 2880 L.
1086 2844 1127 2880 In
1181 2843 1286 2892 agris
1341 2842 1389 2879 ad
1433 2843 1519 2879 viae
1572 2841 1785 2889 marginem

152 2904 252 2941 inter
284 2906 418 2952 portus
451 2903 586 2940 Fiume
620 2907 657 2940 et
688 2903 876 2940 Abbazia.

293 2960 361 3000 90.
400 2961 616 3001 Geranium
648 2963 760 3000 molle
791 2963 836 3000 L.
872 2963 913 2999 In
945 2962 1140 3000 territorio
1174 2966 1309 3010 portus
1343 2961 1491 3001 Fiume.
1525 2982 1582 2987 —
1609 2959 1651 2996 ln
1672 2957 1785 2996 rude-

151 3023 247 3059 ratis
282 3022 328 3059 ad
364 3026 515 3070 portum
550 3021 793 3059 Cirkvenica.
