1904 3191
131 72 186 111 60
507 77 703 109 K'mfflssfflm.
735 83 763 109 .=.
799 74 888 107 siem
923 82 962 107 ss
997 70 1166 107 ΝϊᾹκᾹυΥ
1202 81 1233 106 a.
1268 81 1386 107 mmm

133 223 314 273 (1753),
362 223 494 261 Behen
538 222 711 271 vulgaris
756 221 882 258 Mnch.
930 220 1109 267 (1794).
1157 220 1377 258 Cucubalus
1425 221 1579 258 inflatus
1618 220 1757 259 Salisb.

131 282 306 330 (1796),
343 283 471 321 Silene
518 281 738 320 Cucubalus
772 279 910 318 Wibel.
945 279 1125 327 (1799),
1161 280 1288 318 Silene
1320 280 1451 317 inflata
1484 278 1760 330 Sm.(1800.),

133 343 262 382 Silene
295 342 457 380 latifolia
489 341 637 379 Rendle
682 344 720 378 et
751 340 902 377 Britten
944 338 1123 387 (1907.)‚
1170 351 1244 378 non
1277 339 1405 377 Silene
1450 338 1612 377 latifolia
1657 340 1759 380 Poir.

134 403 229 451 Voy.
264 401 380 439 Barb.
428 399 603 450 (1789.)]
637 412 718 438 var.
766 398 802 450 β.
837 399 1097 447 anqustifolia
1133 398 1242 447 (DC.)
1277 399 1381 436 Vis.
1418 399 1460 436 In
1493 398 1605 437 litore
1640 410 1761 448 prope

134 473 275 510 pagum
310 461 481 498 Barbato
515 460 664 497 insulae
699 459 816 496 Arbe.

271 520 339 558 43.
378 519 620 568 Gypsopln'la
653 518 820 556 muralis
852 518 896 555 L.
931 516 1240 555 Oastelmuschio
1273 516 1421 554 insulae
1454 517 1604 565 Veglia.

277 579 346 620 44.
381 578 574 617 Stellaria
605 577 736 616 media
768 578 843 625 (L.)
877 575 1069 626 Cyrill.
1105 576 1253 632 (Alsine
1285 575 1413 614 media
1446 577 1506 623 L.)
1537 577 1577 613 In
1611 578 1763 615 saxosis

130 643 264 688 portus
298 637 606 677 Castelmuschio
638 637 788 675 insulae
820 636 971 686 Veglia.

272 698 341 739 45.
374 698 623 746 Polycarpon
658 696 933 744 tetraphyllum
966 696 1009 733 L.
1045 695 1086 732 In
1131 694 1320 743 lapidosis
1366 694 1415 731 ad
1460 699 1613 744 portum
1658 695 1764 733 Arbe

130 758 278 796 insulae
311 757 415 795 Arbe
448 756 538 805 (leg.
572 758 641 794 Dr.
677 747 723 797 Ᾰ,
757 756 805 793 de
840 756 952 803 Deg.‚
986 756 1025 792 in
1057 754 1152 792 herb
1186 755 1349 803 Degen).

414 852 893 890 Ranunculaceae.

272 923 340 961 46.
375 924 611 962 Helleborus
642 923 832 961 istriacus
864 921 1049 970 (Sclcffn.)
1083 921 1199 959 Borb.
1234 922 1285 958 in‘
1305 920 1414 960 Oest.
1443 922 1529 960 Bot.
1578 922 1762 962 Zeitschr.

139 982 265 1025 1892.
300 996 336 1032 p.
378 982 477 1021 219.
513 982 763 1033 (Helleborus
796 981 941 1020 odorus
973 981 1053 1019 Kit.
1088 993 1170 1021 var.
1204 981 1240 1019 b.
1288 982 1469 1019 istriacus
1517 981 1677 1030 Schfl‘n.)
1723 982 1764 1019 In

129 1043 248 1092 sylvis
283 1055 400 1092 supra
434 1055 576 1091 pagum
610 1042 704 1080 Sillo
736 1041 885 1079 insulae
918 1040 1067 1090 Veglia.

275 1102 344 1140 47.
399 1103 594 1140 Artemone
648 1101 843 1140 hortensis
888 1100 936 1140 L.
984 1101 1025 1138 In
1070 1099 1261 1138 fruticetis
1307 1112 1424 1149 supra
1476 1112 1617 1150 pagum
1670 1100 1763 1139 Sillo

129 1162 280 1200 insulae
313 1161 461 1211 Veglia.

273 1221 341 1259 48.
376 1222 572 1259 Anemone
603 1231 808 1258 nemorosa
836 1220 880 1257 L.
908 1220 948 1257 In
969 1219 1168 1268 sylvaticis
1193 1220 1385 1258 umbrosis
1408 1219 1457 1257 ad
1477 1219 1604 1257 lacum
1625 1220 1763 1258 Jezero

129 1281 278 1319 insulae
310 1282 460 1330 Veglia,

273 1340 342 1378 49.
377 1340 636 1378 Ranunculus
668 1351 806 1388 repens
839 1340 884 1380 L,
920 1339 961 1376 In
995 1340 1118 1387 pratis
1152 1350 1270 1387 supra
1303 1350 1447 1388 pagum
1488 1338 1582 1376 Sillo
1616 1338 1764 1377 insulae

130 1400 279 1450 Veglia,

275 1459 343 1497 50.
377 1458 639 1497 Eanum-ulus
670 1458 843 1496 Ficaria
876 1458 919 1496 L.
956 1458 997 1495 In
1031 1459 1154 1507 partis
1189 1457 1300 1495 vallis
1333 1457 1507 1495 Drvenik
1541 1457 1682 1496 Kokan
1715 1458 1764 1495 ad

134 1520 266 1557 ruinas
289 1520 392 1557 arcis
408 1518 544 1557 Bodan
568 1530 690 1567 prope
712 1522 866 1567 portum
888 1517 1131 1556 Cirkvenica.
1152 1540 1209 1544 —
1228 1517 1269 1554 In
1293 1516 1460 1555 dumetis
1483 1529 1601 1566 supra
1621 1529 1763 1566 pagum

132 1578 226 1617 Sillo
260 1579 409 1617 insulae
442 1578 592 1626 Veglia.

275 1638 342 1676 51.
377 1638 634 1676 Ranunculus
656 1636 850 1675 velutinus
882 1637 1004 1674 Ten.
1040 1637 1081 1673 In
1104 1635 1318 1674 dumetosis
1352 1635 1400 1673 ad
1433 1637 1519 1674 viae
1552 1637 1764 1685 marginem

128 1699 230 1736 inter
257 1701 392 1747 portus
425 1697 559 1735 Fiume
592 1700 631 1735 et
662 1696 850 1738 Abbazia.

417 1794 447 1830 L
463 1806 485 1830 a
501 1806 523 1830 u
538 1805 558 1830 r
571 1805 593 1830 a
609 1805 629 1830 c
645 1805 665 1830 e
680 1805 703 1829 a
717 1805 751 1830 e.

275 1864 342 1904 52.
377 1865 541 1902 Laurus
575 1863 716 1901 nobilis
748 1864 791 1902 L.
826 1864 867 1900 In
899 1863 1050 1901 laureto
1083 1874 1201 1912 supra
1235 1866 1387 1912 portum
1420 1863 1608 1901 Abbazia.

416 1960 862 2009 Papaveraceae.

274 2030 342 2072 53.
376 2031 576 2069 Fumaria
609 2030 824 2078 officinalis
857 2031 901 2068 L.
928 2031 968 2067 ln
991 2030 1186 2068 ruderatis
1208 2030 1257 2067 ad
1281 2034 1434 2079 portum
1454 2030 1764 2069 Castelmuschio

130 2092 281 2129 insulae
313 2090 463 2138 Veglia.

416 2185 755 2224 Uruciferae.

275 2257 342 2297 54.
378 2257 589 2306 Lepidium
621 2257 764 2295 Draba
796 2258 840 2295 L.
876 2259 918 2295 ln
950 2257 1145 2294 ruderatis
1178 2256 1227 2294 ad
1261 2260 1413 2305 portum
1447 2256 1690 2294 Cirkvenica.

272 2316 339 2354 55.
375 2316 629 2355 Aetltionema
661 2317 834 2355 saxatile
866 2313 944 2371 (L.)
976 2317 1018 2355 R.
1065 2317 1142 2357 ΒΓ.
1189 2316 1366 2365 (Thlaspi
1411 2316 1573 2354 saxatile
1618 2317 1678 2361 L.)
1724 2317 1766 2354 ln

132 2378 284 2414 saxosis
317 2376 509 2414 calcareis
542 2376 592 2414 ad
624 2382 779 2425 portum
812 2376 1056 2414 Cirkvenica.

274 2435 342 2477 56.
382 2436 545 2484 Tlclaspz'
569 2448 750 2484 praecooe
792 2435 946 2474 Wulf.
994 2435 1035 2473 In
1082 2436 1233 2474 saxosis
1281 2435 1469 2472 calcaneis
1517 2433 1567 2471 ad
1612 2438 1764 2483 portum

130 2495 372 2534 Oirkvenica.

273 2554 341 2595 57.
377 2554 554 2592 Alliaria
589 2554 755 2592 alliacea
788 2552 1021 2607 (Salisb.)
1054 2554 1260 2592 Rendle
1305 2557 1343 2591 et
1382 2553 1607 2591 Britten
1654 2553 1763 2602 [Ery-

127 2614 267 2651 simum
301 2613 502 2653 alliaceum
537 2614 676 2652 Salisb.
712 2613 883 2663 (1796),
930 2613 1093 2652 Alliaria
1137 2613 1342 2652 officinalis
1386 2612 1530 2653 Aner.
1577 2611 1680 2661 apud
1711 2613 1763 2649 M.

130 2673 239 2711 Bieb.
275 2673 395 2711 Flora
427 2674 545 2714 Taur.
578 2674 695 2714 Cauc.
731 2674 794 2711 111.
831 2673 930 2712 445.
966 2672 1145 2722 (1819.)]
1182 2672 1243 2710 Ad
1279 2675 1432 2721 portum
1457 2671 1764 2710 Castelmuschio

128 2732 278 2770 insulae
311 2732 461 2782 Veglia.

272 2791 340 2830 58.
375 2791 635 2840 Sisymbrium
662 2792 948 2840 polyceratimn
982 2792 1025 2833 L,
1062 2793 1103 2829 ln
1136 2791 1325 2840 lapidosis
1361 2790 1409 2828 ad
1458 2794 1611 2839 portum
1659 2790 1762 2827 Arbe

129 2851 218 2900 (leg.
253 2852 403 2900 Degen,
437 2852 475 2888 in
508 2851 616 2889 herb.
651 2848 818 2903 Degen).

272 2909 340 2951 59.
375 2910 536 2959 Sinapis
570 2911 660 2948 alba
694 2911 737 2948 L.
773 2912 815 2948 In
847 2910 1041 2948 ruderatis
1074 2922 1196 2959 prope
1230 2913 1383 2959 portum
1416 2908 1596 2947 Volosca.

273 2968 340 3008 60.
378 2970 611 3018 Diplotaaeis
643 2970 810 3008 muralis
844 2970 918 3018 (L.)
952 2970 1031 3008 DC.
1081 2970 1352 3019 (Sisymbrium
1397 2968 1544 3006 murale
1590 2967 1652 3017 L.)
1702 2967 1763 3004 Ad

129 3029 214 3066 viae
247 3030 461 3077 marginem
495 3031 595 3067 inter
627 3033 761 3078 portus
795 3029 928 3067 Fiume
961 3033 1000 3067 et
1033 3029 1217 3067 Abbazia.
1780 3047 1781 3050 =
