1904 3191
221 85 363 111 ADATOK
378 85 398 110 A
412 75 726 111 MAGYAR-HORvAT
741 86 990 123 mmmmm,
1007 77 1207 114 ῡΑωιᾸοΖιΑ
1222 81 1263 114 Es
1279 89 1417 115 iszrssiA
1432 79 1656 117 rmnfflnoz
1705 76 1758 115 63

278 224 346 262 91.
385 224 601 262 Geminium
635 225 936 271 rotzctzclilolimn
957 227 1001 264 L.
1037 227 1096 264 Ad
1130 229 1213 265 viae
1248 230 1460 275 marginem
1493 230 1593 268 inter
1625 235 1758 279 portus

135 284 267 322 Fiume
301 290 338 322 et
361 284 546 322 Abbazia.
581 306 638 310 —
661 285 702 321 ln
726 285 849 322 vineis
872 285 920 322 ad
944 289 1095 334 portum
1120 286 1426 326 Castelmuschio
1444 289 1592 327 insulae
1610 290 1758 339 Vegiia.

275 342 343 381 92.
381 342 599 380 Geranium
624 355 873 391 purpureum
905 345 1027 385 Vill.
1062 346 1103 382 In
1136 345 1324 394 lapidosis
1358 347 1407 384 ad
1430 353 1580 395 portum
1601 349 1761 387 Cirkve-

133 404 229 440 nica.
248 403 359 440 —In
374 401 562 451 lapidosis
580 402 629 439 ad
652 406 804 451 portum
836 404 940 441 Arbe
958 404 1105 442 insulae
1138 405 1241 442 Arbe
1275 406 1363 453 (leg.
1391 407 1458 446 Dr.
1482 398 1514 444 Ᾰ
1539 407 1587 445 do
1610 409 1756 457 Degen,

133 464 169 499 in
202 462 304 501 herb.
340 462 503 510 Degen).

276 520 343 558 93.
382 520 600 558 Geranz'um
632 521 804 559 lucidum
838 522 882 558 L.
918 522 959 559 In
993 522 1186 560 umbrosis
1210 525 1360 562 saxosis
1379 525 1427 562 ad
1443 530 1594 573 portum
1614 528 1761 564 Castel-

136 580 309 619 muschio
342 579 490 618 insulae
523 580 672 629 Veglia.

416 674 807 713 Oxalidaoeae.

277 750 345 792 94.
384 751 524 790 Ooealis
558 752 803 790 corniculata
835 753 879 790 L.
914 753 956 790 In
988 752 1101 791 litore
1135 753 1280 795 Fiume.

416 848 840 897 Polygalaceae.

275 924 339 964 95.
389 926 584 975 Polyyala
628 926 844 964 nicaeensis
876 926 1008 964 Risso.
1043 927 1085 964 In
1113 926 1209 965 locis
1244 927 1414 966 herbidis
1450 941 1566 978 supra
1611 935 1759 979 portum

133 985 319 1024 Abbazia.

417 1063 903 1112 Euphorbiaceae.

274 1139 343 1180 96.
376 1140 634 1179 Mercurialis
667 1152 799 1178 annua
824 1141 868 1181 L.
892 1142 934 1178 In
953 1141 1105 1179 saxosis
1128 1145 1264 1189 portus
1287 1142 1593 1181 Castolmuschio
1616 1145 1763 1182 insulae

133 1200 281 1248 Veglia.

278 1258 346 1297 97.
381 1260 639 1298 Mercurialis
673 1262 790 1298 ovata
824 1259 1036 1300 Sternb.
1072 1259 1131 1297 Ad
1163 1261 1250 1297 viae
1283 1263 1495 1309 marginem
1512 1262 1613 1300 inter
1630 1268 1763 1311 portus

136 1319 267 1356 Fiume
301 1325 339 1356 et
370 1319 555 1359 Abbazia.

275 1377 342 1419 98.
377 1379 611 1427 Euphorbia
643 1378 922 1426 epithymoides
939 1379 982 1417 L.
1003 1379 1045 1415 In
1067 1378 1261 1416 ruderatis
1285 1379 1333 1416 ad
1352 1384 1505 1428 portum
1522 1381 1762 1421 Cirkvenica.

274 1437 341 1477 99.
374 1438 607 1486 Euphor-bia
639 1450 849 1476 verrucosa
883 1439 926 1478 L.
972 1438 1014 1475 In
1046 1439 1168 1486 pratis
1201 1438 1251 1476 ad
1282 1438 1408 1476 lacum
1438 1440 1576 1478 chero
1614 1440 1763 1478 insulae

134 1497 285 1546 Veglia.

283 1555 374 1595 100.
410 1557 645 1605 Euphorbia
692 1557 879 1605 Wulfenii
924 1558 1126 1605 Hoppe.
1173 1558 1215 1594 In
1249 1559 1399 1595 saxosis
1434 1560 1577 1607 apricis
1627 1563 1762 1607 portus

133 1615 445 1654 Casteimuschio
478 1617 627 1654 insulae
661 1618 811 1666 Veglia.
846 1640 903 1643 -—
936 1618 978 1654 In
1010 1618 1162 1665 asperis
1208 1618 1411 1655 maritimis
1457 1630 1577 1667 prope
1623 1631 1764 1667 pagum

134 1675 305 1714 Barbato
337 1675 486 1714 insulae
518 1677 636 1714 Arbe.

281 1734 375 1776 101.
409 1735 645 1783 Euplzorbia
671 1735 872 1784 peploides
907 1735 1107 1776 Gouan.
1141 1736 1182 1773 In
1215 1735 1311 1774 locis
1334 1736 1488 1774 incultis
1513 1741 1645 1786 portus
1679 1738 1767 1775 Cas-

136 1794 370 1832 telmuschio
403 1794 553 1833 insulae
585 1795 734 1845 Veglia.

283 1852 380 1892 102.
415 1854 653 1902 Euphorbia
698 1854 936 1904 helioscopia
968 1855 1010 1894 L.
1058 1855 1099 1891 In
1130 1854 1226 1892 locis
1275 1854 1388 1892 cultis
1437 1859 1570 1904 portus
1618 1856 1764 1894 Castel-

134 1913 310 1951 muschio
346 1913 495 1951 insulae
529 1914 679 1963 chlia.

417 2009 891 2051 Anacardiaceae.

282 2087 373 2127 103.
407 2087 588 2124 Pe'stacz'a
623 2087 878 2126 Terebinthzcs
910 2089 955 2128 L.
990 2088 1032 2124 In
1065 2088 1215 2136 asperis
1239 2088 1383 2136 apricis
1407 2088 1455 2124 ad
1479 2091 1632 2136 portum
1657 2087 1764 2125 Cirk-

135 2148 282 2187 venica.
321 2170 372 2174 —-
408 2147 450 2183 In
483 2146 645 2185 collibus
678 2148 821 2195 apricis
854 2147 904 2184 ad
937 2159 1079 2195 pagum
1112 2147 1283 2185 Barbato
1316 2147 1465 2184 insulae
1499 2147 1615 2187 Arbe.

283 2205 377 2244 104.
412 2205 594 2243 Pistacia
626 2206 833 2244 Lentiscus
865 2207 909 2244 L.
944 2207 985 2244 In
1019 2206 1184 2244 collibus
1217 2207 1360 2255 apricis
1393 2206 1441 2243 ad
1486 2218 1627 2255 pagum
1674 2206 1767 2243 Bar-

136 2265 228 2304 bato
261 2267 411 2304 insulae
443 2265 561 2306 Arbe

418 2362 628 2398 Acerac
935 2357 1169 2425 Mul

281 2436 375 2474 105.
408 2438 512 2475 Acer
543 2362 1016 2486 mmm.
1016 2439 1058 2475 In
1090 2437 1240 2476 laniato
1259 2449 1378 2486 supra
1401 2442 1554 2486 portum
1578 2437 1764 2476 Abbazia.

418 2533 814 2570 Rhamnaceae.

282 2607 377 2649 106.
411 2609 616 2646 Rhamnus
648 2609 864 2647 Alaternus
896 2610 940 2647 L.
976 2610 1018 2646 In
1052 2610 1203 2647 saxosis
1236 2610 1379 2658 apricis
1413 2610 1554 2646 montis
1587 2608 1673 2645 Veli
1695 2607 1764 2645 vrh

136 2668 324 2706 adversus
357 2671 509 2716 portum
541 2669 729 2706 Jablanao
761 2669 911 2706 insulae
942 2669 1060 2710 Arbe.

421 2763 727 2803 Cistaceae.

277 2839 369 2880 107.
402 2839 720 2878 Helianthemum
756 2841 1049 2879 Chamaecistus
1087 2840 1215 2878 Mill.
1250 2852 1332 2881 var.
1381 2839 1416 2890 β.
1463 2837 1764 2887 serpyllifolium

136 2900 178 2948 (C
192 2902 243 2948 r.)
297 2899 480 2939 Gross.
533 2900 571 2936 in
624 2899 788 2949 Englers
841 2901 964 2948 Regni
1011 2900 1111 2948 Veg.
1163 2900 1306 2948 Consp.
1352 2899 1415 2939 IV.
1468 2897 1561 2938 193.
1608 2909 1646 2945 p.
1693 2895 1762 2936 82.

136 2958 299 3007 (1903.)
333 2959 395 3005 (Η,
429 2958 606 3007 glabrum
640 2959 779 3006 (Koch)
820 2959 1005 3007 Fritsch.)
1037 2958 1099 2996 Ad
1134 2959 1219 2996 viae
1251 2959 1463 3006 marginem
1496 2958 1596 2994 inter
1628 2959 1761 3004 portus

137 3018 271 3056 Fiume
305 3022 344 3056 et
374 3018 548 3056 Abbazia
581 3018 669 3066 (leg.
704 3018 748 3058 E.
783 3017 854 3066 Gy.
887 3017 1087 3067 Nyarady,
1120 3018 1159 3054 in
1191 3017 1300 3058 herb.
1333 3015 1547 3064 Nyarady).
