1904 3191
214 104 355 131 AnA'roi(
370 104 391 129 A
405 92 717 130 MAGYAR-HORVAT
731 102 981 136 TENGERPART,
996 91 1197 128 DALMchzlA
1211 94 1253 128 iis
1269 102 1404 127 isz'rfflA
1422 91 1646 128 nomiliam
1696 86 1750 125 65

123 245 282 294 (1907.)
316 245 501 291 (Onosma
533 242 730 281 eehioides
764 243 883 286 Kern,
917 242 1102 287 Javorka,
1137 254 1211 280 non
1246 243 1305 289 L.)
1329 243 1370 279 111
1392 241 1504 279 litore
1538 242 1587 279 ad
1610 254 1751 290 pagum

124 306 293 343 Barbato
327 304 475 341 insulae
508 303 623 343 Arbe.

419 387 450 424 L
466 399 488 424 a
502 387 526 425 b
542 387 551 423 i
571 390 658 424 ata
673 398 708 424 e.

270 457 361 498 123.
395 459 527 506 Ajuya
559 461 718 505 reptans
752 457 796 497 L.
831 457 872 494 ln
905 456 1028 505 pratis
1052 456 1162 494 vallis
1190 456 1362 494 Drvenik
1386 456 1524 494 Kokan
1548 456 1596 493 ad
1619 458 1751 494 ruinas

125 520 226 556 areis
260 518 396 556 Bodan
429 529 552 566 prope
585 520 737 565 portum
771 516 1015 556 Cirkveniea.
1049 539 1107 542 —
1140 516 1181 552 In
1214 517 1337 564 pratis
1371 515 1419 552 ad
1451 515 1577 553 lacum
1615 516 1754 554 Jezero

122 577 273 616 insulae
306 577 456 625 Veglia.

270 636 363 677 124.
396 636 662 675 Rosmarinus
694 634 907 682 officinalis
941 635 984 675 L.
1019 635 1061 672 In
1094 634 1207 672 cultis
1239 635 1402 672 teritorii
1437 634 1583 674 Fiume.

269 695 364 736 125.
397 695 582 733 Lamiam
613 695 850 732 maculatum
883 695 927 734 L.
961 695 1003 732 In
1035 693 1229 732 ruderatis
1262 693 1311 730 ad
1334 697 1485 742 portum
1510 693 1752 734 Cirkveniea.

131 779 178 783 -
215 757 256 793 In
288 755 483 793 umbrosis
516 754 717 803 sylvaticis
749 755 850 792 inter
882 753 1009 791 laeum
1040 754 1180 791 Jezero
1211 756 1249 790 et
1271 757 1423 801 portum
1447 752 1754 790 Castelmusehio

122 814 270 853 insulae
303 814 453 863 Veglia.

266 873 360 915 126,
401 874 570 920 Thymus
603 873 837 922 lonyicaulz's
868 872 1029 910 Presl
1070 872 1127 909 Fl.
1164 872 1241 912 Sic.
1275 871 1424 910 XXVII.
1459 870 1630 919 (1826).
1663 871 1751 919 (Th.

124 936 269 972 effusus
302 934 402 971 Host
434 934 492 970 ΡΙ.
515 935 647 973 Austr.
671 933 716 971 ΙΙ.
743 932 836 972 137.
856 931 1026 980 (1831),
1052 931 1123 971 Th.
1145 930 1375 977 longieaulis
1398 930 1508 968 Presl
1530 943 1570 970 α.
1601 931 1754 980 typicus

124 993 344 1042 Pospiehal.
391 993 448 1033 Fl.
483 991 590 1033 Oest.
626 993 740 1031 Kiist.
776 992 821 1033 11.
857 991 955 1029 574.
996 990 1137 1039 1899.)
1182 990 1243 1028 Ad
1276 991 1361 1028 viae
1404 991 1616 1039 marginem
1654 991 1755 1027 inter

124 1057 258 1100 portus
291 1052 425 1090 Fiume
458 1056 495 1089 et
527 1052 715 1092 Abbazia.

427 1135 787 1176 Solanaeeae.

268 1206 361 1247 127.
395 1207 670 1254 Hyoscyamus
702 1206 814 1244 albus
836 1207 878 1245 L.
902 1207 944 1243 In
965 1206 1116 1243 saxosis
1139 1205 1282 1253 apricis
1304 1203 1352 1241 ad
1376 1209 1528 1252 portum
1554 1204 1755 1244 Jablanae.

125 1289 181 1293 ——
212 1266 273 1304 Ad
306 1278 436 1304 muros
470 1269 604 1314 portus
639 1265 949 1304 Castelmusehio
980 1264 1130 1303 insulae
1162 1264 1311 1312 Veglia.

422 1349 987 1398 Scrophulariaeeae.

267 1420 361 1462 128.
395 1421 569 1459 Lina‘ria
606 1420 861 1468 Cymbalaria
893 1420 1005 1458 Mill.
1038 1420 1098 1457 Ad
1132 1432 1249 1469 rupes
1282 1423 1417 1468 portus
1451 1419 1757 1457 Castelmusehio

125 1481 274 1519 insulae
307 1481 458 1529 Veglia.

271 1539 366 1581 129.
402 1539 578 1578 Linaria
609 1540 779 1592 simplex
818 1540 915 1587 (W.)
953 1539 1034 1579 DC.
1070 1538 1352 1590 (Antirrhinum
1382 1538 1546 1587 simplex
1590 1539 1669 1585 W.)
1715 1539 1756 1575 In

122 1599 218 1638 locis
250 1599 405 1638 incultis
450 1600 575 1638 litoris
628 1599 677 1637 ad
723 1600 923 1637 vinearum
968 1600 1182 1647 marginem
1228 1610 1350 1647 prope
1393 1610 1534 1646 pagum
1580 1598 1752 1635 Barbato

122 1659 273 1697 insulae
308 1660 413 1697 Arbe
466 1659 557 1708 (leg.
591 1660 635 1701 E.
671 1659 738 1707 Gy.
771 1658 969 1707 Nyarady,
1020 1660 1059 1695 in
1098 1657 1208 1700 herb,
1252 1657 1469 1708 Nyarady)
1512 1680 1570 1684 —
1615 1657 1753 1695 Planta

126 1730 224 1756 nova
255 1718 405 1757 insulae
437 1719 542 1757 Arbe
575 1722 614 1756 et
644 1719 847 1756 rarissima
879 1717 1110 1758 Dalmatiae.

268 1777 363 1819 130.
398 1777 678 1816 Antirrkinam
714 1777 919 1816 Orontiam
952 1778 996 1818 L.
1043 1778 1085 1815 In
1123 1776 1312 1826 lapidosis
1356 1776 1407 1814 ad
1454 1781 1606 1825 portum
1652 1776 1756 1814 Arbe

125 1837 274 1875 insulae
306 1837 410 1875 Arbe
444 1838 532 1886 (leg.
567 1838 632 1875 Dr.
670 1828 713 1878 Ᾰ.
751 1837 799 1874 de
834 1838 983 1886 Degen,
1018 1838 1057 1874 in
1088 1836 1197 1877 herb.
1233 1837 1395 1885 Degen).

265 1896 358 1935 131.
391 1897 678 1945 Βζτνορήαἰανὶα
703 1897 918 1945 pereyrina
950 1897 993 1937 L.
1026 1896 1087 1934 Ad
1119 1907 1234 1945 sepes
1274 1900 1410 1945 portus
1443 1894 1752 1934 Castelmusohio

123 1955 274 1994 insulae
307 1956 459 2006 Veglia.

424 2033 921 2074 Globulariaeeae.

268 2104 363 2145 132.
401 2104 635 2143 Globularia
676 2104 929 2142 Willkommii
961 2105 1099 2153 Nym.
1134 2105 1176 2141 In
1209 2105 1332 2153 pratis
1365 2104 1411 2141 ad
1436 2105 1522 2142 viae
1544 2104 1757 2152 marginem

125 2165 225 2202 inter
257 2167 392 2213 portus
424 2164 559 2202 Fiume
593 2168 630 2202 et
662 2164 850 2204 Abbazia.

422 2247 916 2296 Plantaginaeeae.

270 2318 366 2359 133.
399 2318 596 2367 Plantayo
631 2319 850 2356 lanceolata
894 2319 940 2356 L.
986 2317 1047 2355 Ad
1091 2318 1177 2355 viae
1222 2319 1434 2366 marginem
1478 2318 1579 2355 inter
1625 2320 1759 2366 portus

128 2377 261 2415 Fiume
295 2381 333 2415 et
364 2377 552 2418 Abbazia.

423 2455 752 2508 Rubiaeeae.

271 2524 364 2566 134.
384 2525 541 2564 Galium
567 2525 753 2564 Craciata
776 2527 838 2574 (L)
863 2526 887 2564 S
903 2538 923 2564 0
938 2538 960 2563 o
975 2538 1010 2575 p.
1036 2525 1231 2574 (Valantia
1251 2526 1432 2564 Ci‘ueiata
1452 2525 1512 2573 L.)
1533 2525 1574 2562 In
1590 2524 1757 2562 dumetis

130 2596 250 2633 prope
282 2585 408 2622 laeum
438 2586 576 2623 Jezero
608 2586 758 2623 insulae
791 2585 941 2635 Veglia.

141 2703 144 2705 .
232 2703 239 2709 ·
268 2643 364 2684 135.
402 2643 561 2682 Galium
592 2645 769 2692 spurium
803 2645 848 2685 L.
872 2644 933 2682 Ad
963 2656 1078 2693 sepes
1106 2647 1242 2693 portus
1270 2643 1576 2682 Castelmusehio
1608 2642 1758 2680 insulae

129 2703 364 2802 veghal36.
406 2762 589 2799 Valantia
621 2762 787 2800 muralis
820 2763 864 2803 L.
900 2764 941 2799 In
975 2763 1125 2800 saxosis
1159 2763 1301 2811 apricis
1334 2773 1456 2810 prope
1490 2773 1631 2810 pagum
1663 2761 1756 2798 Bar-

132 2822 220 2859 bato
252 2821 401 2859 insulae
433 2821 550 2861 Arbe.

426 2903 915 2952 Campanulaeeae.

254 2974 347 3012 137.
386 2975 633 3023 Campanum
666 2975 832 3012 istriae-a
866 2975 1016 3015 Feer.
1051 2976 1093 3012 In
1125 2976 1244 3012 muris
1278 2978 1412 3022 portus
1459 2974 1563 3011 Arbe
1607 2973 1756 3010 insulae

131 3033 234 3070 Arbe
267 3034 358 3083 (leg.
395 3035 543 3083 Degen,
579 3035 616 3070 in
650 3034 756 3071 herb.
792 3034 956 3081 Degen).
